<?xml version="1.0" encoding="UTF-8"?><collection xmlns="http://www.loc.gov/MARC21/slim"><record><leader>00379nam--2200133-i-4500</leader><controlfield tag="001">000017900</controlfield><controlfield tag="002">20161230</controlfield><controlfield tag="005">20161230201032</controlfield><controlfield tag="008">060222s1000------------r-----000-0-eng-d</controlfield><datafield ind1=" " ind2=" " tag="080"><subfield code="a">29</subfield></datafield><datafield ind1=" " ind2=" " tag="100"><subfield code="a">Fowler, R.H</subfield></datafield><datafield ind1=" " ind2=" " tag="245"><subfield code="a">Statistical mechanics.the theory of the properties of matter in equilibrium 2nd. ed</subfield></datafield><datafield ind1=" " ind2=" " tag="260"><subfield code="a">Cambridge, The University Press, 1955. 864 P</subfield></datafield><datafield ind1=" " ind2=" " tag="852"><subfield code="a">10922</subfield></datafield></record></collection>